@ARTICLE{alamouti,
author={S. M. {Alamouti}},
journal={IEEE Journal on Selected Areas in Communications},
title={A simple transmit diversity technique for wireless communications},
year={1998},
volume={16},
number={8},
pages={1451-1458},
keywords={cellular radio;diversity reception;transmitting antennas;receiving antennas;computational complexity;antenna arrays;receive antenna;wireless communications;two-branch transmit diversity;transmit antennas;diversity order;maximal-ratio receiver combining;computation complexity;cellular communications;Wireless communication;Diversity reception;Transmitters;Receiving antennas;Fading;Transmitting antennas;Bandwidth;Base stations;AWGN;Bit error rate},
doi={10.1109/49.730453},
ISSN={1558-0008},
month={Oct},}