@book{goldsmith,
author = {Goldsmith, Andrea},
title = {Wireless Communications},
year = {2005},
isbn = {0521837162},
publisher = {Cambridge University Press},
address = {USA}
}